<record><leader>00000cas a22000007a 4500</leader><controlfield tag="001">21615163</controlfield><controlfield tag="008">900529d18971906mouwr ne      0    0eng d</controlfield><datafield ind1=" " ind2=" " tag="010"><subfield code="a">sn 90061766 </subfield></datafield><datafield ind1=" " ind2=" " tag="040"><subfield code="a">MQN</subfield><subfield code="b">eng</subfield><subfield code="c">MQN</subfield><subfield code="d">OCLCQ</subfield></datafield><datafield ind1=" " ind2=" " tag="042"><subfield code="a">msc</subfield></datafield><datafield ind1="0" ind2="4" tag="245"><subfield code="a">The Tipton times-gazette.</subfield></datafield><datafield ind1=" " ind2=" " tag="260"><subfield code="a">Tipton, Moniteau County, Mo. :</subfield><subfield code="b">Joe H. Goddard, Russell Monroe,</subfield><subfield code="c">1897-</subfield></datafield><datafield ind1=" " ind2=" " tag="300"><subfield code="a">v.</subfield></datafield><datafield ind1=" " ind2=" " tag="310"><subfield code="a">Weekly</subfield></datafield><datafield ind1="0" ind2=" " tag="362"><subfield code="a">Old ser. 21 (July 15, 1897)- = new ser. no. 1-</subfield></datafield><datafield ind1="1" ind2=" " tag="362"><subfield code="a">Ceased in 1906.</subfield></datafield><datafield ind1=" " ind2=" " tag="752"><subfield code="a">United States</subfield><subfield code="b">Missouri</subfield><subfield code="c">Moniteau</subfield><subfield code="d">Tipton.</subfield></datafield><datafield ind1="0" ind2="4" tag="780"><subfield code="t">Tipton times (Tipton, Mo. : 1877)</subfield><subfield code="w">(DLC)sn 90061765</subfield></datafield><datafield ind1="0" ind2="4" tag="780"><subfield code="t">Tipton gazette</subfield><subfield code="w">(DLC)sn 90061764</subfield></datafield><datafield ind1="0" ind2="0" tag="785"><subfield code="t">Tipton times (Tipton, Mo. : 1906)</subfield><subfield code="w">(DLC)sn 90061767</subfield></datafield></record>